%% This BibTeX bibliography file was created using BibDesk.
%% https://bibdesk.sourceforge.io/

%% Created for 酒酒 at 2020-03-06 20:43:31 +0000 


%% Saved with string encoding Unicode (UTF-8) 



@article{R30,
	Annote = {doi: 10.1021/jf9012423},
	Author = {Peleg, Micha and Corradini, Maria G. and Normand, Mark D.},
	Booktitle = {Journal of Agricultural and Food Chemistry},
	Da = {2009/08/26},
	Date = {2009/08/26},
	Date-Added = {2020-03-06 20:32:13 +0000},
	Date-Modified = {2020-03-06 20:32:25 +0000},
	Doi = {10.1021/jf9012423},
	Isbn = {0021-8561},
	Journal = {Journal of Agricultural and Food Chemistry},
	Journal1 = {J. Agric. Food Chem.},
	M3 = {doi: 10.1021/jf9012423},
	Month = {08},
	Number = {16},
	Pages = {7377--7386},
	Publisher = {American Chemical Society},
	Title = {Isothermal and Non-isothermal Kinetic Models of Chemical Processes in Foods Governed by Competing Mechanisms},
	Ty = {JOUR},
	Url = {https://doi.org/10.1021/jf9012423},
	Volume = {57},
	Year = {2009},
	Year1 = {2009},
	Bdsk-Url-1 = {https://doi.org/10.1021/jf9012423}}

@book{R29,
	Author = {Peleg, Micha},
	Date-Added = {2020-03-06 20:29:22 +0000},
	Date-Modified = {2020-03-06 20:30:58 +0000},
	Publisher = {CRC Press},
	Title = { Advanced Quantitative Microbiology for Food and Biosystems: Models for Predicting Growth and Inactivation},
	Year = {2006}}

@article{R28,
	Author = {Mishra, Abhinav and Guo, Miao and Buchanan, Robert L. and Schaffner, Donald W. and Pradhan, Abani K.},
	Journal = {Food Control},
	Pages = {32--41},
	Title = {Development of growth and survival models for Salmonella and Listeria monocytogenes during non-isothermal time-temperature profiles in leafy greens},
	Volume = {71},
	Year = {2017}}

@article{R27,
	Author = {Huang, L.},
	Doi = {10.1111/j.1750-3841.2008.00785.x},
	Isbn = {0022-1147},
	Journal = {Journal of Food Science},
	Number = {5},
	Pages = {E235--E242},
	Publisher = {John Wiley \& Sons, Ltd},
	Title = {Growth Kinetics of Listeria monocytogenes in Broth and Beef Frankfurters---Determination of Lag Phase Duration and Exponential Growth Rate under Isothermal Conditions},
	Volume = {73},
	Year = {2008},
	Bdsk-Url-1 = {https://doi.org/10.1111/j.1750-3841.2008.00785.x}}

@article{R26,
	Author = {Juneja, Vijay K. and Valenzuela Melendres, Martin and Huang, Lihan and Gumudavelli, Vinod and Subbiah, Jeyamkondan and Thippareddi, Harshavardhan},
	Doi = {https://doi.org/10.1016/j.fm.2006.08.004},
	Journal = {Food Microbiology},
	Number = {4},
	Pages = {328--335},
	Title = {Modeling the effect of temperature on growth of Salmonella in chicken},
	Volume = {24},
	Year = {2007},
	Bdsk-Url-1 = {https://doi.org/10.1016/j.fm.2006.08.004}}

@article{R25,
	Author = {Simon Brown},
	Journal = {ANZIAM Journal},
	Title = {Two implications of common models of microbial growth},
	Volume = {49},
	Year = {2007}}

@article{R24,
	Address = {(1)Division of Plant Sciences, West Virginia University; (2)WVAFES, Office of Statistics, West Virginia University},
	Author = {Lim, C. C. ( 1 ) and Arora, R. ( 1 ) and Townsend, E. C. ( 2 )},
	Journal = {Journal of the American Society for Horticultural Science},
	Number = {2},
	Pages = {246-252},
	Title = {Comparing Gompertz and Richards functions to estimate freezing injury in Rhododendron using electrolyte leakage},
	Volume = {123},
	Year = {1998}}

@article{R23,
	Author = {Eskola, Hanna T. M. and Parvinen, Kalle},
	Doi = {https://doi.org/10.1016/j.tpb.2007.03.004},
	Journal = {Theoretical Population Biology},
	Number = {1},
	Pages = {41--51},
	Title = {On the mechanistic underpinning of discrete-time population models with Allee effect},
	Volume = {72},
	Year = {2007},
	Bdsk-Url-1 = {https://doi.org/10.1016/j.tpb.2007.03.004}}

@article{R22,
	Author = {Bokulich, Alisa},
	Doi = {10.1007/s11229-009-9565-1},
	Journal = {Synthese},
	Number = {1},
	Pages = {33--45},
	Title = {How scientific models can explain},
	Url = {https://doi.org/10.1007/s11229-009-9565-1},
	Volume = {180},
	Year = {2011},
	Bdsk-Url-1 = {https://doi.org/10.1007/s11229-009-9565-1}}

@article{R21,
	Author = {Chowell, Gerardo and Hincapie-Palacio, Doracelly and Ospina, Juan and Pell, Bruce and Tariq, Amna and Dahal, Sushma and Moghadas, Seyed and Smirnova, Alexandra and Simonsen, Lone and Viboud, C{\'e}cile},
	Journal = {PLoS currents},
	Publisher = {Public Library of Science},
	Title = {Using Phenomenological Models to Characterize Transmissibility and Forecast Patterns and Final Burden of Zika Epidemics},
	Volume = {8},
	Year = {2016}}

@article{R20,
	Author = {Transtrum, Mark K and Qiu, Peng},
	Journal = {PLoS computational biology},
	Keywords = {Adaptation, Physiological; Computational Biology; ErbB Receptors/metabolism; Feedback, Physiological; Kinetics; MAP Kinase Signaling System; *Models, Biological; Systems Biology},
	Number = {5},
	Pages = {e1004915--e1004915},
	Publisher = {Public Library of Science},
	Title = {Bridging Mechanistic and Phenomenological Models of Complex Biological Systems},
	Volume = {12},
	Year = {2016}}

@article{R19,
	Author = {Galarz, Liane Aldrighi and Fonseca, Gustavo Graciano and Prentice, Carlos},
	Journal = {Food Science and Technology International},
	Number = {6},
	Pages = {461--474},
	Publisher = {SAGE Publications Ltd STM},
	Title = {Predicting bacterial growth in raw, salted, and cooked chicken breast fillets during storage},
	Volume = {22},
	Year = {2015}}

@article{R18,
	Author = {Ahmadi, H., Golian, A.},
	Journal = {Research Journal of Biological Sciences},
	Number = {11},
	Pages = {1300-1304},
	Title = {Non-linear hyperbolastic growth models for describing growth curve in classical strain of broiler chicken},
	Volume = {3},
	Year = {2008}}

@article{R17,
	Author = {Johnson, Jerald B. and Omland, Kristian S.},
	Doi = {https://doi.org/10.1016/j.tree.2003.10.013},
	Journal = {Trends in Ecology \& Evolution},
	Number = {2},
	Pages = {101--108},
	Title = {Model selection in ecology and evolution},
	Volume = {19},
	Year = {2004},
	Bdsk-Url-1 = {https://doi.org/10.1016/j.tree.2003.10.013}}

@article{R16,
	Author = {Buchanan, R. L and Whiting, R. C and Damert, W. C},
	Doi = {https://doi.org/10.1006/fmic.1997.0125},
	Journal = {Food Microbiology},
	Number = {4},
	Pages = {313--326},
	Title = {When is simple good enough: a comparison of the Gompertz, Baranyi, and three-phase linear models for fitting bacterial growth curves},
	Ty = {JOUR},
	Volume = {14},
	Year = {1997},
	Bdsk-Url-1 = {https://doi.org/10.1006/fmic.1997.0125}}

@article{R15,
	Author = {Grijspeerdt, K and Vanrolleghem, P},
	Journal = {Food Microbiology},
	Number = {6},
	Pages = {593--605},
	Title = {Estimating the parameters of the Baranyi model for bacterial growth},
	Volume = {16},
	Year = {1999}}

@article{R14,
	Author = {Baranyi, J., Roberts, T. A., McClure P},
	Journal = {Food Microbiology},
	Pages = {43-59},
	Title = {A non-autonomous differential equation to model bacterial growth},
	Volume = {10},
	Year = {1993}}

@article{R13,
	Author = {Kacena, M. A. and Merrell, G. A. and Manfredi, B. and Smith, E. E. and Klaus, D. M. and Todd, P.},
	Doi = {10.1007/s002530051386},
	Journal = {Applied Microbiology and Biotechnology},
	Number = {2},
	Pages = {229--234},
	Title = {Bacterial growth in space flight: logistic growth curve parameters for Escherichia coli and Bacillus subtilis},
	Volume = {51},
	Year = {1999},
	Bdsk-Url-1 = {https://doi.org/10.1007/s002530051386}}

@article{R12,
	Author = {Peleg, Micha and Corradini, Maria G. and Normand, Mark D.},
	Doi = {https://doi.org/10.1016/j.foodres.2007.01.012},
	Journal = {Food Research International},
	Number = {7},
	Pages = {808--818},
	Title = {The logistic (Verhulst) model for sigmoid microbial growth curves revisited},
	Volume = {40},
	Year = {2007},
	Bdsk-Url-1 = {https://doi.org/10.1016/j.foodres.2007.01.012}}

@article{R11,
	Author = {Fujikawa, Hiroshi and Kai, Akemi and Morozumi, Satoshi},
	Doi = {https://doi.org/10.1016/j.fm.2004.01.007},
	Journal = {Food Microbiology},
	Number = {5},
	Pages = {501--509},
	Title = {A new logistic model for Escherichia coli growth at constant and dynamic temperatures},
	Ty = {JOUR},
	Volume = {21},
	Year = {2004},
	Bdsk-Url-1 = {https://doi.org/10.1016/j.fm.2004.01.007}}

@article{R10,
	Author = {Zwietering, M. H. and Jongenburger, I. and Rombouts, F. M. and van 't Riet, K.},
	Journal = {Applied and Environmental Microbiology},
	Journal1 = {Appl. Environ. Microbiol.},
	Number = {6},
	Pages = {1875},
	Title = {Modeling of the Bacterial Growth Curve},
	Volume = {56},
	Year = {1990}}

@article{R9,
	Author = {Costabile, Lilia, and Bob Rowthorn.},
	Journal = {The Economic Journal},
	Number = {378},
	Pages = {418-437},
	Title = {Malthus's Theory of Wages and Growth.},
	Volume = {95},
	Year = {1985}}

@article{R7,
	Author = {P{\"o}rtner, H. O. and Schulte, P. M. and Wood, C. M. and Schiemer, F.},
	Journal = {Physiological and Biochemical Zoology},
	Number = {5},
	Pages = {808---826},
	Title = {Niche dimensions in fishes: An integrative view},
	Volume = {83},
	Year = {2010}}

@article{R6,
	Author = {Peleg, Micha and Corradini, Maria G.},
	Doi = {doi: 10.1080/10408398.2011.570463},
	Journal = {Critical Reviews in Food Science and Nutrition},
	Number = {10},
	Pages = {917-----945},
	Publisher = {Taylor \& Francis},
	Title = {Microbial Growth Curves: What the Models Tell Us and What They Cannot},
	Volume = {51},
	Year = {2011},
	Bdsk-Url-1 = {https://doi.org/10.1080/10408398.2011.570463}}

@article{R2,
	Author = {Araujo, R. P and McElwain, D. L. S},
	Journal = {Bulletin of Mathematical Biology},
	Number = {5},
	Pages = {1039-----1091},
	Title = {A history of the study of solid tumour growth: the contribution of mathematical modelling},
	Volume = {66},
	Year = {2004}}

@article{R1,
	Author = {d'Onofrio, Alberto},
	Da = {2009/07/30/},
	Journal = {Chaos, Solitons \& Fractals},
	Number = {2},
	Pages = {875-----880},
	Title = {Fractal growth of tumors and other cellular populations: Linking the mechanistic to the phenomenological modeling and vice versa},
	Volume = {41},
	Year = {2009}}

@article{R3,
	Author = {HACKNEY, R. H. LINTON ; W. H. CARTER ; M. D. PIERSON ; C. R.},
	Journal = {J Food Prot},
	Number = {9},
	Pages = {946----954},
	Title = {Use of a Modified Gompertz Equation to Model Nonlinear Survival Curves for Listeria monocytogenes Scott A},
	Volume = {58},
	Year = {1995}}

@article{R5,
	Author = {McMeekin, Tom and Olley, June and Ratkowsky, David and Corkrey, Ross and Ross, Tom},
	Journal = {Food Control},
	Number = {2},
	Pages = {290-----299},
	Title = {Predictive microbiology theory and application: Is it all about rates?},
	Volume = {29},
	Year = {2013}}

@article{R8,
	Author = {Xiong, R. and Xie, G. and Edmondson, A. S. and Linton, R. H. and Sheard, M. A.},
	Journal = {Food Microbiology},
	Number = {3},
	Pages = {269----279},
	Publisher = {Academic Press},
	Title = {Comparison of the Baranyi model with the modified Gompertz equation for modelling thermal inactivation of Listeria monocytogenes Scott A},
	Volume = {16},
	Year = {1999}}

@article{R4,
	Author = {Halmi, M. I. E, Shukor M. S. Johari W. L. W. and Shukor, M. Y.},
	Journal = {Journal of Environmental Bioremediation \& Toxicology},
	Number = {1},
	Pages = {33----37},
	Title = {Modeling the growth curves of Acinetobacter sp. strain DRY12 grown on diesel},
	Volume = {2},
	Year = {2014}}
